%% This BibTeX bibliography file was created using BibDesk.
%% http://bibdesk.sourceforge.net/

%% Created for Martin Kiesel at 2016-10-27 5:46:18 pm +0100 


%% Saved with string encoding Unicode (UTF-8) 



@mastersthesis{thesis-automation-testing,
	Author = {Martin Sokol},
	Keywords = {test, selenium, automation},
	Rating = {4},
	School = {MASARYKOVA UNIVERZITA FAKULTA INFORMATIKY},
	Title = {Automatické testování webových aplikací},
	Year = {2013}}

@url{test-automation,
	Author = {Kerry Zallar},
	Keywords = {automation, test},
	Lastchecked = {2016-10-24},
	Rating = {4},
	Read = {1},
	Title = {Practical Experience in Automated Testing},
	Url = {http://www.methodsandtools.com/archive/archive.php?id=33},
	Urldate = {2016-10-24}}

@url{selenium-mobile,
	Annote = {Version 2.0 of the application testing suite will support iPhone and Android apps, with BlackBerry and Windows Phone 7 capabilities to follow.},
	Author = {Paul Krill},
	Keywords = {iphone, android, selenium},
	Lastchecked = {2016-10-27},
	Rating = {2},
	Read = {1},
	Title = {Open source Selenium web app test suite to support iPhone and Android},
	Url = {http://news.techworld.com/applications/3272444/open-source-selenium-web-app-test-suite-to-support-iphone-and-android/},
	Urldate = {2016-10-20}}

@electronic{box-testing,
	Author = {Viktor Farcic},
	Keywords = {white, black, box},
	Lastchecked = {2016-10-27},
	Month = {12},
	Rating = {3},
	Read = {1},
	Title = {Black-box vs White-box Testing},
	Url = {https://technologyconversations.com/2013/12/11/black-box-vs-white-box-testing/},
	Urldate = {2016-10-25},
	Year = {2013}}

@electronic{general-testing,
	Author = {GETLAURA},
	Keywords = {unit, integration, regression, acceptation},
	Lastchecked = {2016-10-24},
	Month = {08},
	Rating = {3},
	Read = {1},
	Title = {TESTING: UNIT VS INTEGRATION VS REGRESSION VS ACCEPTANCE},
	Url = {http://www.getlaura.com/testing-unit-vs-integration-vs-regression-vs-acceptance/},
	Urldate = {2016-10-24},
	Year = {2014}}

@manual{php-webdriver-facebook,
	Keywords = {php-webdriver, facebook},
	Lastchecked = {2016-10-26},
	Month = {08},
	Organization = {Facebook},
	Rating = {5},
	Read = {1},
	Title = {PHP Webdriver},
	Url = {https://github.com/facebook/php-webdriver},
	Year = {2013}}

@url{phpunit-selenium-php-webdriver,
	Keywords = {codeception, php-webdriver, facebook},
	Lastchecked = {2016-10-24},
	Month = {11},
	Rating = {1},
	Read = {1},
	Title = {Working with PHPUnit and Selenium Webdriver},
	Url = {http://codeception.com/11-12-2013/working-with-phpunit-and-selenium-webdriver.html},
	Urldate = {2016-10-24},
	Year = {2013}}

@manual{selenium-doc,
	Keywords = {selenium},
	Lastchecked = {2016-10-25},
	Month = {10},
	Organization = {Selenium Project},
	Rating = {3},
	Read = {1},
	Title = {Selenium Documentation},
	Url = {http://www.seleniumhq.org/docs/},
	Urldate = {2016-10-22},
	Year = {2016}}

@manual{selenium-doc-new,
	Keywords = {selenium},
	Lastchecked = {2016-10-25},
	Month = {10},
	Organization = {Selenium Project},
	Rating = {4},
	Read = {1},
	Title = {Selenium Documentation},
	Url = {https://seleniumhq.github.io/docs/start.html},
	Urldate = {2016-10-24},
	Year = {2016}}

@url{phpunit-selenium,
	Author = {Younes Rafie},
	Date = {2015-07-29},
	Keywords = {selenium, phpunit},
	Lastchecked = {2016-10-25},
	Month = {06},
	Rating = {4},
	Read = {1},
	Title = {Using Selenium with PHPUnit},
	Url = {https://www.sitepoint.com/using-selenium-with-phpunit/},
	Urldate = {2016-10-25},
	Year = {2015}}

@electronic{selenium-wikipedia,
	Keywords = {selenium},
	Langid = {english},
	Lastchecked = {2016-10-24},
	Month = {10},
	Title = {Selenium (software)},
	Url = {https://en.wikipedia.org/wiki/Selenium_(software)},
	Urldate = {2016-10-24},
	Year = {2016}}
